@article{Ekstrand,
    title = {{Collaborative Filtering Recommender Systems}},
    year = {2007},
    journal = {International Journal of Electronic Business},
    author = {Ekstrand, Michael D. and Riedl, John T. and Konstan, Joseph A.}
}

@book{Segaran,
    title = {{Programming Collective Intelligence: Building Smart Web 2.0 Applications}},
    year = {2007},
    booktitle = {O'Reilly},
    author = {Segaran, Toby}
}

@article{Asanov,
    title = {{Algorithms and Methods in Recommender Systems}},
    year = {2011},
    author = {Asanov, Daniar}
}

@book{Bogers,
    title = {{Recommender Systems Handbook}},
    year = {2009},
    booktitle = {Springer},
    author = {Bogers, Toine and Van Den Bosch, Antal}
}

@book{Fallis,
    title = {{Collective Intelligence in Action}},
    year = {2013},
    booktitle = {Manning},
    author = {Setnam, Alag}
}

@article{Aberger,
    title = {{Recommender: An Analysis of Collaborative Filtering Techniques}},
    author = {Aberger, Christopher R}
}

@book{Jannach,
    title = {{Recommender systems - An introduction}},
    year = {2011},
    booktitle = {Cambridge University Press},
    author = {Jannach, Dietmar and Zanker, Markus and Felfering, Alexander and Friedrich, Gerhard}
}

@article{Cavka,
    title = {{Sustavi za preporu{\^{c}}ivanje}},
    author = {{\^{C}}avka, Marko}
}

@article{Cacheda2011ComparisonAlgorithms,
    title = {{Comparison of collaborative filtering algorithms}},
    year = {2011},
    journal = {ACM Transactions on the Web},
    author = {Cacheda, Fidel and Carneiro, Víctor and Fern{\'{a}}ndez, Diego and Formoso, Vreixo},
    pages = {1--33},
    isbn = {1559-1131},
    doi = {10.1145/1921591.1921593},
    issn = {15591131}
}

@article{Durao2012ASystems,
    title = {{A Personalized Tag-Based Recommendation in Social Web Systems}},
    year = {2012},
    author = {Durao, Frederico and Dolog, Peter},
    pages = {40--49},
    url = {http://arxiv.org/abs/1203.0332},
    arxivId = {1203.0332},
    keywords = {bookmarks, personalization, recommendation, simi-, tags}
}

@article{Zanardi2011AWeb,
    title = {{A scalable tag-based recommender system for new users of the social web}},
    year = {2011},
    journal = {Lecture Notes in Computer Science},
    author = {Zanardi, Valentina and Capra, Licia},
    pages = {542--557},
    isbn = {9783642230875},
    doi = {10.1007/978-3-642-23088-2{\_}40},
    issn = {03029743},
    keywords = {clustering, cold-start problem, recommender systems, scalability, social tagging}
}

@misc{Sumecki2010SustaviPreporucivanje,
    title = {{Sustavi za preporu{\v{c}}ivanje}},
    year = {2010},
    author = {{\v{S}}ume{\v{c}}ki, Josip}
}

@misc{RecommendationComps,
    title = {{Recommendation Systems -- Carleton College Computer Science Comps}},
    url = {http://www.cs.carleton.edu/cs_comps/0607/recommend/recommender/index.html}
}

@misc{Burnik2016ImplementacijaPreporuka,
    title = {{Implementacija efikasnog algoritma za izvla{\v{c}}enje rezultata iz sustava za davanje automatskih preporuka}},
    year = {2016},
    author = {Burnik, Konrad}
}

@article{Simovic2014SistemiE-trgovini,
    title = {{Sistemi preporuke u e-trgovini}},
    year = {2014},
    journal = {Proceedings of the 1st International Scientific Conference - Sinteza 2014},
    author = {Simovi{\'{c}}, Aleksandar},
    pages = {846--852},
    url = {http://portal.sinteza.singidunum.ac.rs/paper/165},
    isbn = {978-86-7912-539-2},
    doi = {10.15308/sinteza-2014-846-852}
}

@phdthesis{Situm2012RangiranjeAkcijama,
    title = {{Rangiranje prijatelja u dru{\v{s}}tvenoj mre{\v{z}}i facebook zasnovano na korisni{\v{c}}kim akcijama}},
    year = {2012},
    author = {{\v{S}}itum, Mirjam},
    school = {Sveu{\v{c}}ili{\v{s}}te u Zagrebu}
}

@article{Bobadilla2013Knowledge-BasedSurvey,
    title = {{Knowledge-Based Systems Recommender systems survey}},
    year = {2013},
    journal = {Knowledge-Based Systems},
    author = {Bobadilla, J and Ortega, F and Hernando, A and Guti{\'{e}}rrez, A},
    pages = {109--132},
    volume = {46},
    url = {http://dx.doi.org/10.1016/j.knosys.2013.03.012},
    doi = {10.1016/j.knosys.2013.03.012},
    issn = {0950-7051}
}

@misc{RecommenderSlides,
    title = {{Recommender Systems – An Introduction – Teaching Material - Slides}},
    url = {http://www.recommenderbook.net/teaching-material/slides},
    keywords = {introduction, recommender systems, slides}
}

@misc{SlidesSystems,
    title = {{Slides on Recommnedation systems}},
    url = {http://www.fi.muni.cz/~xpelanek/PV254/slides/}
}

@misc{ContextMedium,
    title = {{Context Graph: It’s time to bring context back to the web – Medium}},
    url = {https://medium.com/firefox-context-graph/context-graph-its-time-to-bring-context-back-to-the-web-a7542fe45cf3}
}

@article{Leskovec2011RecommendationSystems,
    title = {{Recommendation Systems}},
    year = {2011},
    journal = {Mining of Massive Datasets},
    author = {Leskovec, Jure and Anand, Rajaraman and Ullman, Jeff},
    pages = {305--339},
    isbn = {1107015359 9781107015357},
    doi = {10.1201/b15027-15}
}